<record><leader>00000cas a2200000 i 4500</leader><controlfield tag="001">646480019</controlfield><controlfield tag="008">100709d19uu2013pauwr ne      |    0eng  </controlfield><datafield ind1=" " ind2=" " tag="010"><subfield code="a">  2010215447</subfield></datafield><datafield ind1=" " ind2=" " tag="040"><subfield code="a">DLC</subfield><subfield code="b">eng</subfield><subfield code="c">DLC</subfield><subfield code="d">OCLCA</subfield><subfield code="d">HLS</subfield><subfield code="d">OCLCO</subfield><subfield code="d">OCLCA</subfield><subfield code="d">OCLCF</subfield><subfield code="d">OCLCO</subfield><subfield code="d">DLC</subfield><subfield code="d">OCLCO</subfield></datafield><datafield ind1=" " ind2=" " tag="066"><subfield code="c">(N</subfield><subfield code="c">(Q</subfield></datafield><datafield ind1=" " ind2=" " tag="022"><subfield code="y">0279-6201</subfield></datafield><datafield ind1="0" ind2=" " tag="041"><subfield code="a">eng</subfield><subfield code="a">ukr</subfield></datafield><datafield ind1=" " ind2=" " tag="042"><subfield code="a">pcc</subfield></datafield><datafield ind1=" " ind2=" " tag="043"><subfield code="a">n-us-pa</subfield></datafield><datafield ind1="0" ind2="0" tag="050"><subfield code="a">Newspaper</subfield></datafield><datafield ind1="0" ind2=" " tag="130"><subfield code="a">America (Philadelphia, Pa.)</subfield></datafield><datafield ind1="1" ind2="0" tag="245"><subfield code="a">America.</subfield></datafield><datafield ind1="1" ind2=" " tag="246"><subfield code="6">880-01</subfield><subfield code="a">Ameryka</subfield></datafield><datafield ind1="1" ind2=" " tag="246"><subfield code="a">America, Ukrainian Catholic weekly</subfield></datafield><datafield ind1="1" ind2=" " tag="246"><subfield code="6">880-02</subfield><subfield code="a">Ameryka, Ukrai&#776;ns&#697;kyi&#774; katolyt&#65056;s&#65057;&#697;kyi&#774; tyz&#65056;h&#65057;nevyk</subfield></datafield><datafield ind1="1" ind2=" " tag="246"><subfield code="a">America, Philadelphia, PA</subfield></datafield><datafield ind1="1" ind2=" " tag="246"><subfield code="6">880-03</subfield><subfield code="a">Ameryka, Fili&#65056;a&#65057;del&#697;fii&#65056;a&#65057;, PA</subfield></datafield><datafield ind1=" " ind2="1" tag="264"><subfield code="a">Philadelphia, Pa. :</subfield><subfield code="b">Providence Association</subfield></datafield><datafield ind1=" " ind2=" " tag="300"><subfield code="a">v.</subfield></datafield><datafield ind1=" " ind2=" " tag="310"><subfield code="a">Weekly (except two weeks in July/Aug.)</subfield></datafield><datafield ind1=" " ind2=" " tag="336"><subfield code="a">text</subfield><subfield code="b">txt</subfield><subfield code="2">rdacontent</subfield></datafield><datafield ind1=" " ind2=" " tag="337"><subfield code="a">unmediated</subfield><subfield code="b">n</subfield><subfield code="2">rdamedia</subfield></datafield><datafield ind1=" " ind2=" " tag="338"><subfield code="a">volume</subfield><subfield code="b">nc</subfield><subfield code="2">rdacarrier</subfield></datafield><datafield ind1="1" ind2=" " tag="362"><subfield code="a">Began in the 20th century; ceased with: Vol. CII, no. 5 (February 2, 2013).</subfield></datafield><datafield ind1=" " ind2=" " tag="530"><subfield code="a">Available also in electronic format.</subfield></datafield><datafield ind1=" " ind2=" " tag="530"><subfield code="a">Also available on microfilm from the Library of Congress Photoduplication Service.</subfield></datafield><datafield ind1=" " ind2=" " tag="588"><subfield code="a">Description based on: Vol. 99, no. 11 (Mar. 13, 2010); title from masthead.</subfield></datafield><datafield ind1=" " ind2=" " tag="546"><subfield code="a">In English and Ukrainian.</subfield></datafield><datafield ind1=" " ind2=" " tag="550"><subfield code="a">"Official organ of the Providence Association of the Ukrainian Catholics in America."</subfield></datafield><datafield ind1=" " ind2="0" tag="650"><subfield code="a">Ukrainians</subfield><subfield code="z">United States</subfield><subfield code="v">Newspapers.</subfield></datafield><datafield ind1=" " ind2="0" tag="650"><subfield code="a">Ukrainian Americans</subfield><subfield code="z">Pennsylvania</subfield><subfield code="v">Newspapers.</subfield></datafield><datafield ind1=" " ind2="0" tag="650"><subfield code="a">Ruthenians</subfield><subfield code="z">United States</subfield><subfield code="v">Newspapers.</subfield></datafield><datafield ind1=" " ind2="0" tag="650"><subfield code="a">Ruthenian American newspapers</subfield><subfield code="z">Pennsylvania.</subfield></datafield><datafield ind1=" " ind2="0" tag="651"><subfield code="a">Philadelphia (Pa.)</subfield><subfield code="v">Newspapers.</subfield></datafield><datafield ind1=" " ind2="0" tag="651"><subfield code="a">Philadelphia County (Pa.)</subfield><subfield code="v">Newspapers.</subfield></datafield><datafield ind1=" " ind2="7" tag="650"><subfield code="a">Ruthenian American newspapers.</subfield><subfield code="2">fast</subfield><subfield code="0">(OCoLC)fst01102570</subfield></datafield><datafield ind1=" " ind2="7" tag="650"><subfield code="a">Ruthenians.</subfield><subfield code="2">fast</subfield><subfield code="0">(OCoLC)fst01102572</subfield></datafield><datafield ind1=" " ind2="7" tag="650"><subfield code="a">Ukrainian Americans.</subfield><subfield code="2">fast</subfield><subfield code="0">(OCoLC)fst01160424</subfield></datafield><datafield ind1=" " ind2="7" tag="650"><subfield code="a">Ukrainians.</subfield><subfield code="2">fast</subfield><subfield code="0">(OCoLC)fst01160566</subfield></datafield><datafield ind1=" " ind2="7" tag="651"><subfield code="a">Pennsylvania.</subfield><subfield code="2">fast</subfield><subfield code="0">(OCoLC)fst01204598</subfield></datafield><datafield ind1=" " ind2="7" tag="651"><subfield code="a">Pennsylvania</subfield><subfield code="z">Philadelphia.</subfield><subfield code="2">fast</subfield><subfield code="0">(OCoLC)fst01204170</subfield></datafield><datafield ind1=" " ind2="7" tag="651"><subfield code="a">Pennsylvania</subfield><subfield code="z">Philadelphia County.</subfield><subfield code="2">fast</subfield><subfield code="0">(OCoLC)fst01217128</subfield></datafield><datafield ind1=" " ind2="7" tag="651"><subfield code="a">United States.</subfield><subfield code="2">fast</subfield><subfield code="0">(OCoLC)fst01204155</subfield></datafield><datafield ind1=" " ind2="7" tag="655"><subfield code="a">Newspapers.</subfield><subfield code="2">fast</subfield><subfield code="0">(OCoLC)fst01423814</subfield></datafield><datafield ind1="2" ind2=" " tag="710"><subfield code="a">Providence Association of Ukrainian Catholics in America.</subfield></datafield><datafield ind1=" " ind2=" " tag="752"><subfield code="a">United States</subfield><subfield code="b">Pennsylvania</subfield><subfield code="c">Philadelphia</subfield><subfield code="d">Philadelphia.</subfield></datafield><datafield ind1="0" ind2="8" tag="776"><subfield code="i">Continued online:</subfield><subfield code="t">America (Philadelphia, Pa.)</subfield><subfield code="w">(DLC)  2013234637</subfield><subfield code="w">(OCoLC)854563233</subfield></datafield><datafield ind1="0" ind2="0" tag="780"><subfield code="t">Ameryka (Philadelphia, Pa.)</subfield><subfield code="x">0279-6201</subfield><subfield code="w">(DLC)sn 81000359</subfield><subfield code="w">(OCoLC)7120828</subfield></datafield><datafield ind1="1" ind2=" " tag="880"><subfield code="6">246-01/(N</subfield><subfield code="a">&#1040;&#1084;&#1077;&#1088;&#1080;&#1082;&#1072;</subfield></datafield><datafield ind1="1" ind2=" " tag="880"><subfield code="6">246-02/(N</subfield><subfield code="a">&#1040;&#1084;&#1077;&#1088;&#1080;&#1082;&#1072;, &#1059;&#1082;&#1088;&#1072;&#1111;&#1085;&#1089;&#1100;&#1082;&#1080;&#1081; &#1082;&#1072;&#1090;&#1086;&#1083;&#1080;&#1094;&#1100;&#1082;&#1080;&#1081; &#1090;&#1080;&#1078;&#1085;&#1077;&#1074;&#1080;&#1082;</subfield></datafield><datafield ind1="1" ind2=" " tag="880"><subfield code="6">246-03/(N</subfield><subfield code="a">&#1040;&#1084;&#1077;&#1088;&#1080;&#1082;&#1072;, &#1060;&#1110;&#1083;&#1103;&#1076;&#1077;&#1083;&#1100;&#1092;&#1110;&#1103;, &#1055;&#1040;</subfield></datafield></record>